%Algorithms
% https://www.vision.ee.ethz.ch/publications/papers/proceedings/eth_biwi_00905.pdf?fbclid=IwAR0lHI4kWU9ezO3-88EsCk0o9z0t6_6E99eJ83Z5b6QDVzrMH6UlQaOp6bo


@inproceedings{antigny2017pedestrian,
  title={Pedestrian track estimation with handheld monocular camera and inertial-magnetic sensor for urban augmented reality},
  author={Antigny, Nicolas and Servi{\`e}res, Myriam and Renaudin, Val{\'e}rie},
  booktitle={Indoor Positioning and Indoor Navigation (IPIN), 2017 International Conference on},
  pages={1--8},
  year={2017},
  organization={IEEE}
}
@article{bartz2018loans,
  title={LoANs: Weakly Supervised Object Detection with Localizer Assessor Networks},
  author={Bartz, Christian and Yang, Haojin and Bethge, Joseph and Meinel, Christoph},
  journal={arXiv preprint arXiv:1811.05773},
  year={2018}
}
@inproceedings{bay2006surf,
  title={Surf: Speeded up robust features},
  author={Bay, Herbert and Tuytelaars, Tinne and Van Gool, Luc},
  booktitle={European conference on computer vision},
  pages={404--417},
  year={2006},
  organization={Springer}
}
@book{brooks1999cambrian,
  title={Cambrian intelligence: The early history of the new AI},
  author={Brooks, Rodney Allen},
  volume={97},
  year={1999},
  publisher={MIT press Cambridge, MA}
}
@misc{canales2018navigating,
  title={Navigating the history of GPS},
  author={Canales, Jimena},
  year={2018},
  publisher={Nature Publishing Group}
}
@article{canziani2016analysis,
  title={An analysis of deep neural network models for practical applications},
  author={Canziani, Alfredo and Paszke, Adam and Culurciello, Eugenio},
  journal={arXiv preprint arXiv:1605.07678},
  year={2016}
}
@online{ConvolutionalNetwork,
    title = {How Convolutional Neural Networks work},
    date = {Aug. 18 2016},
    organization = {Youtube},
    author = {Brandon Rohrer},
    url = {https://www.youtube.com/watch?v=FmpDIaiMIeA},
}
@online{ConvolutionMap,
    title = {Lecture 5 | Convolutional Neural Networks},
    date = {Aug. 11 2017},
    organization = {Youtube},
    author = {Stanford University School of Engineering},
    url = {https://www.youtube.com/watch?v=bNb2fEVKeEo},
}
@inproceedings{dai2016r,
  title={R-fcn: Object detection via region-based fully convolutional networks},
  author={Dai, Jifeng and Li, Yi and He, Kaiming and Sun, Jian},
  booktitle={Advances in neural information processing systems},
  pages={379--387},
  year={2016}
}
@inproceedings{dalal2005histograms,
  title={Histograms of oriented gradients for human detection},
  author={Dalal, Navneet and Triggs, Bill},
  booktitle={Computer Vision and Pattern Recognition, 2005. CVPR 2005. IEEE Computer Society Conference on},
  volume={1},
  pages={886--893},
  year={2005},
  organization={IEEE}
}
@book{domingos2015master,
  title={The master algorithm: How the quest for the ultimate learning machine will remake our world},
  author={Domingos, Pedro},
  year={2015},
  publisher={Basic Books}
}
@inproceedings{erhan2014scalable,
  title={Scalable object detection using deep neural networks},
  author={Erhan, Dumitru and Szegedy, Christian and Toshev, Alexander and Anguelov, Dragomir},
  booktitle={Proceedings of the IEEE Conference on Computer Vision and Pattern Recognition},
  pages={2147--2154},
  year={2014}
}
@online{FasterRCNN,
    title = {R-CNN, Fast R-CNN, Faster R-CNN, YOLO — Object Detection Algorithms},
    date = {Jul 9, 2018},
    organization = {towardsdatascience BLOG},
    author = {Rohith Gandhi},
    url = {https://towardsdatascience.com/r-cnn-fast-r-cnn-faster-r-cnn-yolo-object-detection-algorithms-36d53571365e},
}
@article{fu2017dssd,
  title={DSSD: Deconvolutional single shot detector},
  author={Fu, Cheng-Yang and Liu, Wei and Ranga, Ananth and Tyagi, Ambrish and Berg, Alexander C},
  journal={arXiv preprint arXiv:1701.06659},
  year={2017}
}
@inproceedings{girshick2014rich,
  title={Rich feature hierarchies for accurate object detection and semantic segmentation},
  author={Girshick, Ross and Donahue, Jeff and Darrell, Trevor and Malik, Jitendra},
  booktitle={Proceedings of the IEEE conference on computer vision and pattern recognition},
  pages={580--587},
  year={2014}
}
@inproceedings{he2014spatial,
  title={Spatial pyramid pooling in deep convolutional networks for visual recognition},
  author={He, Kaiming and Zhang, Xiangyu and Ren, Shaoqing and Sun, Jian},
  booktitle={European conference on computer vision},
  pages={346--361},
  year={2014},
  organization={Springer}
}
@inproceedings{he2017mask,
  title={Mask r-cnn},
  author={He, Kaiming and Gkioxari, Georgia and Doll{\'a}r, Piotr and Girshick, Ross},
  booktitle={Computer Vision (ICCV), 2017 IEEE International Conference on},
  pages={2980--2988},
  year={2017},
  organization={IEEE}
}
@article{HifiSkeleton,
  title={Hi-Fi: Hierarchical Feature Integration for Skeleton Detection},
  author={Kai Zhao, Wei Shen, Shanghua Gao, Dandan Li, Ming-Ming Cheng},
  journal={arXiv preprint arXiv:1801.01849},
  year={2018}
}
@online{HistoryOfObjectDetetion,
    title = {The Modern History of Object Recognition-Infographic},
    date = {Apr 28, 2017},
    organization = {YPhD student at UiO, Data Scientist at eSmart Systems},
    author = {Dang Ha The Hien},
    url = {https://medium.com/@nikasa1889/the-modern-history-of-object-recognition-infographic-aea18517c318},
}
@article{ioffe2015batch,
  title={Batch normalization: Accelerating deep network training by reducing internal covariate shift},
  author={Ioffe, Sergey and Szegedy, Christian},
  journal={arXiv preprint arXiv:1502.03167},
  year={2015}
}
@inproceedings{krizhevsky2012imagenet,
  title={Imagenet classification with deep convolutional neural networks},
  author={Krizhevsky, Alex and Sutskever, Ilya and Hinton, Geoffrey E},
  booktitle={Advances in neural information processing systems},
  pages={1097--1105},
  year={2012}
}
@unpublished{LectureA,
  Author = {Valérie Leung},
  Institution = {mathworks},
  Year = {2016},
  Title = {Le Deep Learning pour la vision par ordinateur avec MATLAB},
  url = {https://ww2.mathworks.cn/videos/deep-learning-for-computer-vision-with-matlab-118814.html},
}
@inproceedings{lin2017feature,
  title={Feature pyramid networks for object detection},
  author={Lin, Tsung-Yi and Doll{\'a}r, Piotr and Girshick, Ross and He, Kaiming and Hariharan, Bharath and Belongie, Serge},
  booktitle={CVPR},
  volume={1},
  number={2},
  pages={4},
  year={2017}
}
@inproceedings{liu2016ssd,
  title={Ssd: Single shot multibox detector},
  author={Liu, Wei and Anguelov, Dragomir and Erhan, Dumitru and Szegedy, Christian and Reed, Scott and Fu, Cheng-Yang and Berg, Alexander C},
  booktitle={European conference on computer vision},
  pages={21--37},
  year={2016},
  organization={Springer}
}
@InProceedings{Long_2015_CVPR,
author = {Long, Jonathan and Shelhamer, Evan and Darrell, Trevor},
title = {Fully Convolutional Networks for Semantic Segmentation},
booktitle = {The IEEE Conference on Computer Vision and Pattern Recognition (CVPR)},
month = {June},
year = {2015}
}
@misc{matterport_maskrcnn_2017,
  title={Mask R-CNN for object detection and instance segmentation on Keras and TensorFlow},
  author={Waleed Abdulla},
  year={2017},
  publisher={Github},
  journal={GitHub repository},
  howpublished={\url{https://github.com/matterport/Mask_RCNN}},
}
@online{MaskRCNNNotations,
    title = {Splash of Color: Instance Segmentation with Mask R-CNN and TensorFlow},
    date = {Mar 19, 2018},
    organization = {medium.com Blog},
    author = {Waleed Abdulla},
    url = {https://engineering.matterport.com/splash-of-color-instance-segmentation-with-mask-r-cnn-and-tensorflow-7c761e238b46},
}
@inproceedings{najibi2016g,
  title={G-cnn: an iterative grid based object detector},
  author={Najibi, Mahyar and Rastegari, Mohammad and Davis, Larry S},
  booktitle={Proceedings of the IEEE Conference on Computer Vision and Pattern Recognition},
  pages={2369--2377},
  year={2016}
}
@online{NeuronalNetwork,
    title = {Decenso de gradiente, es como las redes neuronales aprenden| Aprendizaje profundo, capítulo 2.},
    date = {Oct 16 2017},
    organization = {Youtube},
    author = {3Blue1Brown},
    url = {https://www.youtube.com/watch?v=IHZwWFHWa-w},
}
@article{papert1996seymour,
  title={Seymour papert},
  author={Papert, Seymour},
  journal={MIT Web page. Retrieved March},
  volume={2},
  pages={2001},
  year={1996}
}
@report{Rapport,
author = {Hakim CHEIKH},
title = {DÉVELOPPEMENT D’ALGORITHMES DE RECONNAISSANCE
AUTOMATIQUE D’OBJETS 3D PAR MÉTHODES D’APPRENTISSAGE},
institution = {École Centrale de Nantes, laboratoire
GEOLOC de l’IFSTTAR, IFSTTAR et de l’IRSTV},
year = {2016},
}
@inproceedings{redmon2016you,
  title={You only look once: Unified, real-time object detection},
  author={Redmon, Joseph and Divvala, Santosh and Girshick, Ross and Farhadi, Ali},
  booktitle={Proceedings of the IEEE conference on computer vision and pattern recognition},
  pages={779--788},
  year={2016}
}
@article{redmon2017yolo9000,
  title={YOLO9000: better, faster, stronger},
  author={Redmon, Joseph and Farhadi, Ali},
  journal={arXiv preprint},
  year={2017}
}
@article{redmon2018yolov3,
  title={Yolov3: An incremental improvement},
  author={Redmon, Joseph and Farhadi, Ali},
  journal={arXiv preprint arXiv:1804.02767},
  year={2018}
}
@inproceedings{ren2015faster,
  title={Faster r-cnn: Towards real-time object detection with region proposal networks},
  author={Ren, Shaoqing and He, Kaiming and Girshick, Ross and Sun, Jian},
  booktitle={Advances in neural information processing systems},
  pages={91--99},
  year={2015}
}
@article{rumelhart1986learning,
  title={Learning representations by back-propagating errors},
  author={Rumelhart, David E and Hinton, Geoffrey E and Williams, Ronald J},
  journal={nature},
  volume={323},
  number={6088},
  pages={533},
  year={1986},
  publisher={Nature Publishing Group}
}
@inproceedings{shen2017dsod,
  title={Dsod: Learning deeply supervised object detectors from scratch},
  author={Shen, Zhiqiang and Liu, Zhuang and Li, Jianguo and Jiang, Yu-Gang and Chen, Yurong and Xue, Xiangyang},
  booktitle={The IEEE International Conference on Computer Vision (ICCV)},
  volume={3},
  number={6},
  pages={7},
  year={2017}
}
@inproceedings{sudowe2011efficient,
  title={Efficient use of geometric constraints for sliding-window object detection in video},
  author={Sudowe, Patrick and Leibe, Bastian},
  booktitle={International Conference on Computer Vision Systems},
  pages={11--20},
  year={2011},
  organization={Springer}
}
@book{szeliski2010computer,
  title={Computer vision: algorithms and applications},
  author={Szeliski, Richard},
  year={2010},
  publisher={Springer Science \& Business Media}
}
@misc{tfjs-yolo-tiny,
  title={tfjs-yolo-tiny github repository},
  author={MikeShi42},
  year={2018},
  publisher={Github},
  journal={GitHub repository},
  howpublished={\url{https://github.com/ModelDepot/tfjs-yolo-tiny}},
}
@inproceedings{turk1991face,
  title={Face recognition using eigenfaces},
  author={Turk, Matthew A and Pentland, Alex P},
  booktitle={Computer Vision and Pattern Recognition, 1991. Proceedings CVPR'91., IEEE Computer Society Conference on},
  pages={586--591},
  year={1991},
  organization={IEEE}
}
@article{VideoDetection,
  title={Learning Object Class Detectors from Weakly Annotated Video},
  author={Alessandro Prest, Christian Leistner, Javier Civera, Cordelia Schmid and Vittorio Ferrari},
  journal={},
  year={}
}
@inproceedings{viola2001rapid,
  title={Rapid object detection using a boosted cascade of simple features},
  author={Viola, Paul and Jones, Michael},
  booktitle={Computer Vision and Pattern Recognition, 2001. CVPR 2001. Proceedings of the 2001 IEEE Computer Society Conference on},
  volume={1},
  pages={I--I},
  year={2001},
  organization={IEEE}
}
@inproceedings{viola2003detecting,
  title={Detecting pedestrians using patterns of motion and appearance},
  author={Viola, Paul and Jones, Michael J and Snow, Daniel},
  booktitle={null},
  pages={734},
  year={2003},
  organization={IEEE}
}
@article{wang2018pelee,
  title={Pelee: A Real-Time Object Detection System on Mobile Devices},
  author={Wang, Robert J and Li, Xiang and Ao, Shuang and Ling, Charles X},
  journal={arXiv preprint arXiv:1804.06882},
  year={2018}
}
@article{wong2018tiny,
  title={Tiny SSD: A Tiny Single-shot Detection Deep Convolutional Neural Network for Real-time Embedded Object Detection},
  author={Wong, Alexander and Shafiee, Mohammad Javad and Li, Francis and Chwyl, Brendan},
  journal={arXiv preprint arXiv:1802.06488},
  year={2018}
}
@inproceedings{wu2017squeezedet,
  title={SqueezeDet: Unified, Small, Low Power Fully Convolutional Neural Networks for Real-Time Object Detection for Autonomous Driving.},
  author={Wu, Bichen and Iandola, Forrest N and Jin, Peter H and Keutzer, Kurt},
  booktitle={CVPR Workshops},
  pages={446--454},
  year={2017}
}
@online{youtubeYOLO,
    title = {YOLO Object Detection (TensorFlow tutorial)},
    date = {Nov 15, 2017},
    organization = {Youtube},
    author = {Siraj Raval},
    url = {https://www.youtube.com/watch?v=4eIBisqx9_g},
}
@inproceedings{yoo2015attentionnet,
  title={Attentionnet: Aggregating weak directions for accurate object detection},
  author={Yoo, Donggeun and Park, Sunggyun and Lee, Joon-Young and Paek, Anthony S and So Kweon, In},
  booktitle={Proceedings of the IEEE International Conference on Computer Vision},
  pages={2659--2667},
  year={2015}
}
@article{zhao2018object,
  title={Object detection with deep learning: A review},
  author={Zhao, Zhong-Qiu and Zheng, Peng and Xu, Shou-tao and Wu, Xindong},
  journal={arXiv preprint arXiv:1807.05511},
  year={2018}
}
@inproceedings{zitnick2014edge,
  title={Edge boxes: Locating object proposals from edges},
  author={Zitnick, C Lawrence and Doll{\'a}r, Piotr},
  booktitle={European conference on computer vision},
  pages={391--405},
  year={2014},
  organization={Springer}
}

@article{szegedy2014scalable,
  title={Scalable, high-quality object detection},
  author={Szegedy, Christian and Reed, Scott and Erhan, Dumitru and Anguelov, Dragomir and Ioffe, Sergey},
  journal={arXiv preprint arXiv:1412.1441},
  year={2014}
}
